@inproceedings{rubin2013content,
  title={Content-based tools for editing audio stories},
  author={Rubin, Steve and Berthouzoz, Floraine and Mysore, Gautham J and Li, Wilmot and Agrawala, Maneesh},
  booktitle={Proceedings of the 26th annual ACM symposium on User interface software and technology},
  pages={113--122},
  year={2013},
  organization={ACM}
}